@article{einstein,
    author = "{Albert Einstein}",
    title = "{Zur Elektrodynamik bewegter K{\"o}rper}. ({German}) [{On} the electrodynamics of moving bodies]",
    journal = "{Annalen der Physik}",
    volume = "{322}",
    number = "{10}",
    pages = "{891--921}",
    year = {1905},
    DOI = "{http://dx.doi.org/10.1002/andp.19053221004}"
}

@misc{siteufc,
    author = "{Universidade Federal do Ceará}",
    title = "{Identidade Visual da UFC}",
    howpublished = {\url{http://www.ufc.br/}},
    note = {Online; acessado em 26 de Dezembro de 2020},
    year={2020},
}

@software{Template_Beamer_UFC,
  author = {Maurício Moreira Neto},
  title = {{TemplateBeamerUFC}},
  url = {https://github.com/maumneto/TemplateBeamerUFC},
  version = {1.3},
  year = {2021}
}
@book{ia,
   title =     {Inteligência Artificial},
   author =    {Peter Norvig, Stuart Russell},
   publisher = {Elsevier},
   isbn =      {8535237011; 9788535237016; 9788535251418; 8535251413},
   year =      {2013},
   edition =   {3},
   url =       {libgen.li/file.php?md5=ab67e136d28df19783215188dc867c69}}